@misc{angwin2016machine,
  title={Machine bias},
  note = {\url{https://www.propublica.org/article/machine-bias-risk-assessments-in-criminal-sentencing}},
  author={Angwin, Julia and Larson, Jeff and Mattu, Surya and Kirchner, Lauren},
  year={2016},
  Publisher={ProPublica}
}

@book{hardin2015data,
  title={Data science in statistics curricula: Preparing students to “think with data”},
  author={Hardin, Johanna and Hoerl, Roger and Horton, Nicholas J and Nolan, Deborah and Baumer, Ben and Hall-Holt, Olaf and Murrell, Paul and Peng, Roger and Roback, Paul and Temple Lang, D and others},
  journal={The American Statistician},
  volume={69},
  number={4},
  pages={343--353},
  year={2015},
  publisher={Taylor \& Francis},
  note = {\url{https://doi.org/10.1080/00031305.2015.1077729}},
  doi={10.1080/00031305.2015.1077729}
}

@misc{larson2016we,
  title={How we analyzed the COMPAS recidivism algorithm},
  note = {\url{https://www.propublica.org/article/how-we-analyzed-the-compas-recidivism-algorithm}},
  author={Larson, Jeff and Mattu, Surya and Kirchner, Lauren and Angwin, Julia},
  publisher={ProPublica},
  volume={9},
  number={1},
  pages={3--3},
  year={2016}
}

@article{gebru2021datasheets,
  title={Datasheets for datasets},
  author={Gebru, Timnit and Morgenstern, Jamie and Vecchione, Briana and Vaughan, Jennifer Wortman and Wallach, Hanna and Iii, Hal Daum{\'e} and Crawford, Kate},
  journal={Communications of the ACM},
  volume={64},
  number={12},
  pages={86--92},
  year={2021},
  publisher={ACM New York, NY, USA}
}

@misc{larson2016technical,
  title={Technical response to Northpointe},
  author={Larson, Jeff and Angwin, Julia},
  journal={ProPublica, July},
  volume={29},
  year={2016}
}

@article{bao2021s,
  title={It's COMPASlicated: The Messy Relationship between RAI Datasets and Algorithmic Fairness Benchmarks},
  author={Bao, Michelle and Zhou, Angela and Zottola, Samantha and Brubach, Brian and Desmarais, Sarah and Horowitz, Aaron and Lum, Kristian and Venkatasubramanian, Suresh},
  journal={arXiv preprint arXiv:2106.05498},
  year={2021}
}

@article{barocas2017fairness,
  title={Fairness in machine learning},
  author={Barocas, Solon and Hardt, Moritz and Narayanan, Arvind},
  journal={Nips tutorial},
  volume={1},
  pages={2},
  year={2017}
}

@article{knight2020automated,
  title={Automated Decision-making and Judicial Review},
  author={Knight, Christopher},
  journal={Judicial Review},
  volume={25},
  number={1},
  pages={21--27},
  year={2020},
  publisher={Taylor \& Francis}
}

@misc{kypraiou_what_2021,
	title = {What is {Fairness}?},
	note = {\url{https://feministai.pubpub.org/pub/what-is-fairness-/release/1}},
	abstract = {Many efforts have been made to try to ‘debias’ the data and create a ‘fair’ model. But what is fairness? And how can this translate to machine learning?},
	urldate = {2022-03-02},
	journal = {Feminist AI},
	author = {Kypraiou, Sofia},
	month = sep,
	year = {2021},
}

@article{equivant_response_2016,
	title = {Response to {ProPublica}: {Demonstrating} accuracy equity and predictive parity},
	shorttitle = {Response to {ProPublica}},
	note = {\url{http://go.volarisgroup.com/rs/430-MBX-989/images/ProPublica_Commentary_Final_070616.pdf}},
	author = {Dieterich, William and Mendoza, Christina and Brennan, Tim},
	abstract = {The website ProPublica recently published a story that focused on the scientific validity of COMPAS, raising questions about racial bias. As a result of the article and the subsequent national attention that it garnered, Northpointe launched an in-depth analysis of the data samples used by ProPublica.},
	language = {en-US},
	journal = {equivant},
	author = {{equivant}},
	year = {2016},
	Publisher = {Northpointe Inc. Research Department}
}

@book{baumer2017texts,
  title={Texts in Statistical Science: Modern Data Science with R},
  author={Baumer, Benjamin S and Kaplan, Daniel T and Horton, Nicholas J},
  year={2017},
  publisher={Chapman and Hall/CRC}
}

@book{james2013introduction,
  title={An introduction to statistical learning},
  author={James, Gareth and Witten, Daniela and Hastie, Trevor and Tibshirani, Robert},
  volume={112},
  year={2013},
  publisher={Springer}
}

@misc{noauthor_ai_nodate,
	title = {{\textless}{AI} \& {Equality}{\textgreater}: {A} {Human} {Rights} toolbox},
	note = {\url{https://colab.research.google.com/drive/11SWijBDkr1pSgIXyjUkgoSB0gh5oAlaI}}
}

@misc{aif360-oct-2018,
    title = "{AI Fairness} 360:  An Extensible Toolkit for Detecting, Understanding, and Mitigating Unwanted Algorithmic Bias",
    author = {Rachel K. E. Bellamy and Kuntal Dey and Michael Hind and
	Samuel C. Hoffman and Stephanie Houde and Kalapriya Kannan and
	Pranay Lohia and Jacquelyn Martino and Sameep Mehta and
	Aleksandra Mojsilovic and Seema Nagar and Karthikeyan Natesan Ramamurthy and
	John Richards and Diptikalyan Saha and Prasanna Sattigeri and
	Moninder Singh and Kush R. Varshney and Yunfeng Zhang},
    month = oct,
    year = {2018},
    note = {\url{https://arxiv.org/abs/1810.01943}}
}


@misc{vartan_1st_2022,
	title = {1st {Greek} {ACM}-{W} {Chapter} {Winter} {School} {\textbar} {Fairness} in {AI} {\textbar} {Day} 1},
	note = {\url{https://www.youtube.com/watch?t=3667&v=8mC4yqhym7M&feature=youtu.be&ab_channel=GreekACM-WChapter}},
	Publisher = {ACM’s Council on Women in Computing},
	author = {Vartan, Steve},
	month = feb,
	year = {2022}
}

@article{ashokan2021fairness,
  title={Fairness metrics and bias mitigation strategies for rating predictions},
  author={Ashokan, Ashwathy and Haas, Christian},
  journal={Information Processing \& Management},
  volume={58},
  number={5},
  pages={102646},
  year={2021},
  publisher={Elsevier}
}

@article{Jackson2020Setting,
journal = {Harvard Data Science Review},
doi = {10.1162/99608f92.1b3dadaa},
number = {1},
note = {https://hdsr.mitpress.mit.edu/pub/hzwo7ax4},
title = {Setting the Record Straight: What the COMPAS Core Risk and Need Assessment Is and Is Not},
note = {\url{https://hdsr.mitpress.mit.edu/pub/hzwo7ax4}},
volume = {2},
author = {Jackson, Eugenie and Mendoza, Christina},
date = {2020-03-31},
year = {2020},
month = {3},
day = {31},
}

@misc{Ronaghan2019AI,
  title = {AI Fairness — Explanation of Disparate Impact Remover},
  author = {Ronaghan, Stacey},
  note = {\url{https://towardsdatascience.com/ai-fairness-explanation-of-disparate-impact-remover-ce0da59451f1}},
  date = {2019-04-22},
  year = {2019},
	Publisher = {Towards Data Science}
}

@misc{Disparate,
  title = {Bias Mitigation with Disparate Impact Remover},
  author = {AIF 360},
  note = {\url{https://nbviewer.org/github/srnghn/bias-mitigation-examples/blob/master/Bias%20Mitigation%20with%20Disparate%20Impact%20Remover.ipynb}},
	Publisher = {Jupyter}
}

@misc{Cortez2019How,
  title = {How to define fairness to detect and prevent discriminatory outcomes in Machine Learning},
  author = {Cortez, Valeria},
  note = {\url{https://towardsdatascience.com/how-to-define-fairness-to-detect-and-prevent-discriminatory-outcomes-in-machine-learning-ef23fd408ef2}},
  date = {2019-09-23},
  year = {2019},
	Publisher = {Towards Data Science}
}

@inproceedings{speicher2018unified,
  title={A unified approach to quantifying algorithmic unfairness: Measuring individual \&group unfairness via inequality indices},
  author={Speicher, Till and Heidari, Hoda and Grgic-Hlaca, Nina and Gummadi, Krishna P and Singla, Adish and Weller, Adrian and Zafar, Muhammad Bilal},
  booktitle={Proceedings of the 24th ACM SIGKDD International Conference on Knowledge Discovery \& Data Mining},
  pages={2239--2248},
  year={2018}
}

@inproceedings{zemel2013learning,
  title={Learning fair representations},
  author={Zemel, Rich and Wu, Yu and Swersky, Kevin and Pitassi, Toni and Dwork, Cynthia},
  booktitle={International conference on machine learning},
  pages={325--333},
  year={2013},
  organization={PMLR}
}

@misc{Ilvento2019Metric,
	title = {Metric Learning for Individual Fairness},
	note = {\url{https://www.youtube.com/watch?v=gPEPS4C9Bzc&ab_channel=SimonsInstitute}},
	Publisher = {Simons Institute},
	author = {Ilvento, Christina},
	month = May,
	year = {2019}
}

@inproceedings{speicher2018unified,
  title={A unified approach to quantifying algorithmic unfairness: Measuring individual \&group unfairness via inequality indices},
  author={Speicher, Till and Heidari, Hoda and Grgic-Hlaca, Nina and Gummadi, Krishna P and Singla, Adish and Weller, Adrian and Zafar, Muhammad Bilal},
  booktitle={Proceedings of the 24th ACM SIGKDD International Conference on Knowledge Discovery \& Data Mining},
  pages={2239--2248},
  year={2018}
}

@inproceedings{zemel2013learning,
  title={Learning fair representations},
  author={Zemel, Rich and Wu, Yu and Swersky, Kevin and Pitassi, Toni and Dwork, Cynthia},
  booktitle={International conference on machine learning},
  pages={325--333},
  year={2013},
  organization={PMLR}
}

